@book{Newton,
  title={Philosophiae naturalis principia mathematica},
  author={Newton, I.},
  url={https://books.google.es/books?id=-dVKAQAAIAAJ},
  year={1687},
  publisher={J. Societatis Regiae ac Typis J. Streater}
}
