@misc{MonasterioSolar2013,
author = {{Monasterio Solar}, Javier},
title = {{Se{\~{n}}ales y Sistemas. Libro de teor{\'{i}}a y conceptos}},
year = {2013}
}
